%# -*- coding: utf-8-unix -*-

@article{basak2012dynamic,
  title={Dynamic hedging in incomplete markets: a simple solution},
  author={Basak, Suleyman and Chabakauri, Georgy},
  journal={The review of financial studies},
  volume={25},
  number={6},
  pages={1845--1896},
  year={2012},
  publisher={Oxford University Press}
}

@article{black1973pricing,
  title={The pricing of options and corporate liabilities},
  author={Black, Fischer and Scholes, Myron},
  journal={Journal of political economy},
  volume={81},
  number={3},
  pages={637--654},
  year={1973},
  publisher={The University of Chicago Press}
}

@article{black1976pricing,
  title={The pricing of commodity contracts},
  author={Black, Fischer},
  journal={Journal of financial economics},
  volume={3},
  number={1-2},
  pages={167--179},
  year={1976},
  publisher={Elsevier}
}

@article{boyle1992option,
  title={Option replication in discrete time with transaction costs},
  author={Boyle, Phelim P and Vorst, Ton},
  journal={The Journal of Finance},
  volume={47},
  number={1},
  pages={271--293},
  year={1992},
  publisher={Wiley Online Library}
}

@unpublished{darses:hal-00467704,
  TITLE = {{Limit Theorem for a Modified Leland Hedging Strategy under Constant Transaction Costs rate}},
  AUTHOR = {Darses, Sebastien and Denis, Emmanuel},
  URL = {https://hal.archives-ouvertes.fr/hal-00467704},
  NOTE = {working paper or preprint},
  YEAR = {2010},
  MONTH = Feb,
  KEYWORDS = {Martingale limit theorem ; Asymptotic hedging ; Leland-Lott strategy ; Transaction costs ; Martingale limit theorem.},
  PDF = {https://hal.archives-ouvertes.fr/hal-00467704/file/dd_lel_final.pdf},
  HAL_ID = {hal-00467704},
  HAL_VERSION = {v1},
}

@article{davis1993european,
  title={European option pricing with transaction costs},
  author={Davis, Mark HA and Panas, Vassilios G and Zariphopoulou, Thaleia},
  journal={SIAM Journal on Control and Optimization},
  volume={31},
  number={2},
  pages={470--493},
  year={1993},
  publisher={SIAM}
}

@article{garman1983foreign,
  title={Foreign currency option values},
  author={Garman, Mark B and Kohlhagen, Steven W},
  journal={Journal of international Money and Finance},
  volume={2},
  number={3},
  pages={231--237},
  year={1983},
  publisher={Elsevier}
}

@article{hodges1989optimal,
  title={Optimal replication of contingent claims under portfolio constraints},
  author={Hodges, SD and Neuberger, A},
  journal={Review of Futures Markets},
  volume={8},
  pages={222--239},
  year={1989}
}

@article{hull2017optimal,
  title={Optimal delta hedging for options},
  author={Hull, John and White, Alan},
  journal={Journal of Banking \& Finance},
  volume={82},
  pages={180--190},
  year={2017},
  publisher={Elsevier}
}

@article{kabanov1997leland,
  title={On Leland's strategy of option pricing with transactions costs},
  author={Kabanov, Yuri M and Safarian, Mher M},
  journal={Finance and Stochastics},
  volume={1},
  number={3},
  pages={239--250},
  year={1997},
  publisher={Springer}
}

@article{leland1985option,
  title={Option pricing and replication with transactions costs},
  author={Leland, Hayne E},
  journal={The journal of finance},
  volume={40},
  number={5},
  pages={1283--1301},
  year={1985},
  publisher={Wiley Online Library}
}

@article{pergamenshchikov2003limit,
  title={Limit theorem for Leland's strategy},
  author={Pergamenshchikov, S and others},
  journal={The Annals of Applied Probability},
  volume={13},
  number={3},
  pages={1099--1118},
  year={2003},
  publisher={Institute of Mathematical Statistics}
}

@article{sepp2013you,
  title={When you hedge discretely: Optimization of sharpe ratio for delta-hedging strategy under discrete hedging and transaction costs},
  author={Sepp, Artur},
  journal={Journal of Investment Strategies},
  volume={3},
  number={1},
  pages={19--59},
  year={2013}
}

@article{shokrollahi2017hedging,
  title={Hedging in fractional Black--Scholes model with transaction costs},
  author={Shokrollahi, Foad and Sottinen, Tommi},
  journal={Statistics \& Probability Letters},
  volume={130},
  pages={85--91},
  year={2017},
  publisher={Elsevier}
}

@article{sottinen2017prediction,
  title={Prediction law of fractional Brownian motion},
  author={Sottinen, Tommi and Viitasaari, Lauri},
  journal={Statistics \& Probability Letters},
  volume={129},
  pages={155--166},
  year={2017},
  publisher={Elsevier}
}

@article{whalley1997asymptotic,
  title={An asymptotic analysis of an optimal hedging model for option pricing with transaction costs},
  author={Whalley, A Elizabeth and Wilmott, Paul},
  journal={Mathematical Finance},
  volume={7},
  number={3},
  pages={307--324},
  year={1997},
  publisher={Wiley Online Library}
}

@mastersthesis{jlz2018,
  title={期权定价与动态对冲策略分析},
  author={蒋论政},
  year={2018},
  school={浙江工商大学}
}

@article{sw2012,
  title={美国场外衍生品市场影响因素分析与启示},
  author={斯文},
  journal={西部论坛},
  volume={22},
  number={6},
  pages={67--77},
  year={2012}
}

@article{wjb2014,
  title={沪深300指数香草期权的动态对冲},
  author={卫剑波 and 王琦},
  journal={投资研究},
  volume={33},
  number={8},
  pages={125--138},
  year={2014}
}

@article{wj2011,
  title={现货、股指期货与股指期权套期保值组合的Delta中性动态模拟},
  author={魏洁},
  journal={金融理论与实践},
  number={12},
  pages={36--41},
  year={2011},
  publisher={现代管理科学编辑部}
}

@mastersthesis{xh2015,
  title={场外期权的复制与动态对冲分析——基于玉米期货期权},
  author={熊辉},
  year={2015},
  school={浙江工商大学}
}

@article{zc2010,
  title={期权动态风险对冲实证分析},
  author={张程},
  journal={现代管理科学},
  volume={2010},
  number={3},
  pages={72--74},
  year={2010},
  publisher={现代管理科学编辑部}
}

@article{zwg2016,
  title={基于随机模型预测控制的欧式期权动态对冲研究},
  author={张卫国 and 杜谦},
  journal={华南理工大学学报(社会科学版)},
  volume={18},
  number={4},
  pages={1--9},
  year={2016}
}

@article{zyh2006,
  title={场外金融衍生品交易市场的发展探析},
  author={张玉红 and 霍天翔 and 冯宗宪},
  journal={上海金融},
  pages={44--46},
  number={8},
  year={2006}
}

@book{taleb1997dynamic,
  title={Dynamic hedging: managing vanilla and exotic options},
  author={Taleb, Nassim and others},
  volume={64},
  year={1997},
  publisher={John Wiley \& Sons}
}

@book{mackenzie2008engine,
  title={An engine, not a camera: How financial models shape markets},
  author={MacKenzie, Donald},
  year={2008},
  publisher={Mit Press}
}

@article{poon2003forecasting,
  title={Forecasting volatility in financial markets: A review},
  author={Poon, Ser-Huang and Granger, Clive WJ},
  journal={Journal of economic literature},
  volume={41},
  number={2},
  pages={478--539},
  year={2003}
}

@article{caflisch1998monte,
  title={Monte carlo and quasi-monte carlo methods},
  author={Caflisch, Russel E},
  journal={Acta numerica},
  volume={7},
  pages={1--49},
  year={1998},
  publisher={Cambridge University Press}
}

@article{wang2008low,
  title={Low discrepancy sequences in high dimensions: How well are their projections distributed?},
  author={Wang, Xiaoqun and Sloan, Ian H},
  journal={Journal of Computational and Applied Mathematics},
  volume={213},
  number={2},
  pages={366--386},
  year={2008},
  publisher={Elsevier}
}
